<record><leader>00000cas a22000001a 4500</leader><controlfield tag="001">38135884</controlfield><controlfield tag="007">hd bfu---baba</controlfield><controlfield tag="008">971227d18661928mnuwr nea     0    0eng c</controlfield><datafield ind1=" " ind2=" " tag="010"><subfield code="a">sn 94096282 </subfield></datafield><datafield ind1=" " ind2=" " tag="040"><subfield code="a">InLP</subfield><subfield code="b">eng</subfield><subfield code="c">RQM</subfield><subfield code="d">OCLCQ</subfield></datafield><datafield ind1=" " ind2=" " tag="012"><subfield code="i">9712</subfield></datafield><datafield ind1=" " ind2=" " tag="042"><subfield code="a">pcc</subfield></datafield><datafield ind1=" " ind2=" " tag="043"><subfield code="a">n-us-mn</subfield></datafield><datafield ind1=" " ind2=" " tag="052"><subfield code="a">4144</subfield><subfield code="b">S4</subfield></datafield><datafield ind1="0" ind2="0" tag="245"><subfield code="a">Northwestern chronicle.</subfield></datafield><datafield ind1="3" ind2="0" tag="246"><subfield code="a">North-Western chronicle</subfield></datafield><datafield ind1="1" ind2="3" tag="246"><subfield code="a">N.W. chronicle</subfield></datafield><datafield ind1=" " ind2=" " tag="260"><subfield code="a">St. Paul, Minn. :</subfield><subfield code="b">John C. Devereux,</subfield><subfield code="c">1866-</subfield></datafield><datafield ind1=" " ind2=" " tag="300"><subfield code="a">volumes ;</subfield><subfield code="c">56 cm</subfield></datafield><datafield ind1=" " ind2=" " tag="310"><subfield code="a">Weekly</subfield></datafield><datafield ind1=" " ind2=" " tag="336"><subfield code="a">text</subfield><subfield code="b">txt</subfield><subfield code="2">rdacontent</subfield></datafield><datafield ind1=" " ind2=" " tag="337"><subfield code="a">microform</subfield><subfield code="b">h</subfield><subfield code="2">rdamedia</subfield></datafield><datafield ind1=" " ind2=" " tag="338"><subfield code="a">microfilm reel</subfield><subfield code="b">hd</subfield><subfield code="2">rdacarrier</subfield></datafield><datafield ind1="0" ind2=" " tag="362"><subfield code="a">Vol. 1, no. 1 (Nov. 17, 1866)-</subfield></datafield><datafield ind1="1" ind2=" " tag="362"><subfield code="a">Ceased in 1928?</subfield></datafield><datafield ind1=" " ind2=" " tag="500"><subfield code="a">Published as: North-Western chronicle, &lt;Nov. 14, 1908-Oct. 23, 1909&gt;.</subfield></datafield><datafield ind1=" " ind2=" " tag="500"><subfield code="a">Published in Milwaukee, Wis. and Saint Paul, Minn., June 16, 1900-&lt;Oct. 23, 1909&gt;.</subfield></datafield><datafield ind1=" " ind2=" " tag="550"><subfield code="a">Published by: Northwestern Chronicle Co., &lt;Nov. 14, 1908-Oct. 23, 1909&gt;.</subfield></datafield><datafield ind1=" " ind2=" " tag="533"><subfield code="a">Microfilm.</subfield><subfield code="m">Nov. 17,1866-Nov. 9,1872.</subfield><subfield code="b">Lafayette, IN :</subfield><subfield code="c">Purdue Univ.</subfield><subfield code="e">microfilm reels ; 35 mm.</subfield><subfield code="n">Master microform held by: InLP.</subfield></datafield><datafield ind1=" " ind2="4" tag="651"><subfield code="a">Saint Paul (Minn.)</subfield><subfield code="v">Newspapers.</subfield></datafield><datafield ind1=" " ind2="4" tag="651"><subfield code="a">Milwaukee (Wis.)</subfield><subfield code="v">Newspapers.</subfield></datafield><datafield ind1=" " ind2=" " tag="752"><subfield code="a">United States</subfield><subfield code="b">Minnesota</subfield><subfield code="c">Ramsey</subfield><subfield code="d">Saint Paul.</subfield></datafield><datafield ind1=" " ind2=" " tag="752"><subfield code="a">United States</subfield><subfield code="b">Wisconsin</subfield><subfield code="c">Milwaukee</subfield><subfield code="d">Milwaukee.</subfield></datafield><datafield ind1="1" ind2=" " tag="776"><subfield code="c">Original</subfield><subfield code="w">(DLC)sn 85025592</subfield></datafield><datafield ind1=" " ind2=" " tag="850"><subfield code="a">InLP</subfield><subfield code="a">InLP (master)</subfield></datafield><datafield ind1="1" ind2=" " tag="029"><subfield code="a">AU@</subfield><subfield code="b">000012085029</subfield></datafield></record>